@article{Arias-Castro:2017:SCB:3122009.3122018,
 author = {Arias-Castro, Ery and Lerman, Gilad and Zhang, Teng},
 title = {Spectral Clustering Based on Local PCA},
 journal = {J. Mach. Learn. Res.},
 issue_date = {January 2017},
 volume = {18},
 number = {1},
 month = jan,
 year = {2017},
 issn = {1532-4435},
 pages = {253--309},
 numpages = {57},
 url = {http://dl.acm.org/citation.cfm?id=3122009.3122018},
 acmid = {3122018},
 publisher = {JMLR.org},
 keywords = {intersecting clusters, local principal component analysis, multi-manifold clustering, spectral clustering},
}

@incollection{NIPS2011_4246,
title = {Sparse Manifold Clustering and Embedding},
author = {Elhamifar, Ehsan and Ren\'{e} Vidal},
booktitle = {Advances in Neural Information Processing Systems 24},
editor = {J. Shawe-Taylor and R. S. Zemel and P. L. Bartlett and F. Pereira and K. Q. Weinberger},
pages = {55--63},
year = {2011},
publisher = {Curran Associates, Inc.},
url = {http://papers.nips.cc/paper/4246-sparse-manifold-clustering-and-embedding.pdf}
}