@article{arias2011,
  title={Clustering based on pairwise distances when the data is of mixed dimensions},
  author={Arias-Castro, Ery},
  journal={IEEE Transactions on Information Theory},
  volume={57},
  number={3},
  pages={1692--1706},
  year={2011},
  publisher={IEEE}
}

@article{chen2009,
  title={Foundations of a multi-way spectral clustering framework for hybrid linear modeling},
  author={Chen, Guangliang and Lerman, Gilad},
  journal={Foundations of Computational Mathematics},
  volume={9},
  number={5},
  pages={517--558},
  year={2009},
  publisher={Springer}
}

@article{soltanolkotabi2012,
  title={A geometric analysis of subspace clustering with outliers},
  author={Soltanolkotabi, Mahdi and Candes, Emmanuel J and others},
  journal={The Annals of Statistics},
  volume={40},
  number={4},
  pages={2195--2238},
  year={2012},
  publisher={Institute of Mathematical Statistics}
}

@article{casey1996,
  title={A survey of methods and strategies in character segmentation},
  author={Casey, Richard G and Lecolinet, Eric},
  journal={IEEE transactions on pattern analysis and machine intelligence},
  volume={18},
  number={7},
  pages={690--706},
  year={1996},
  publisher={IEEE}
}

@article{hochuli2018,
  title={Segmentation-Free Approaches for Handwritten Numeral String Recognition},
  author={Hochuli, Andre G and Oliveira, Luiz S and Britto, AS and Sabourin, Robert},
  journal={arXiv preprint arXiv:1804.09279},
  year={2018}
}

@article{arias2017,
  title={Spectral clustering based on local PCA},
  author={Arias-Castro, Ery and Lerman, Gilad and Zhang, Teng},
  journal={The Journal of Machine Learning Research},
  volume={18},
  number={1},
  pages={253--309},
  year={2017},
  publisher={JMLR. org}
}

@inproceedings{ng2002,
  title={On spectral clustering: Analysis and an algorithm},
  author={Ng, Andrew Y and Jordan, Michael I and Weiss, Yair},
  booktitle={Advances in neural information processing systems},
  pages={849--856},
  year={2002}
}

@article{fan2006,
  title={Multibody grouping by inference of multiple subspaces from high-dimensional data using oriented-frames},
  author={Fan, Zhimin and Zhou, Jie and Wu, Ying},
  journal={IEEE transactions on pattern analysis and machine intelligence},
  volume={28},
  number={1},
  pages={91--105},
  year={2006},
  publisher={IEEE}
}

@inproceedings{goldberg2009,
  title={Multi-manifold semi-supervised learning},
  author={Goldberg, Andrew and Zhu, Xiaojin and Singh, Aarti and Xu, Zhiting and Nowak, Robert},
  booktitle={Artificial Intelligence and Statistics},
  pages={169--176},
  year={2009}
}

@article{wang2011,
  title={Spectral clustering on multiple manifolds},
  author={Wang, Yong and Jiang, Yuan and Wu, Yi and Zhou, Zhi-Hua},
  journal={IEEE Transactions on Neural Networks},
  volume={22},
  number={7},
  pages={1149--1161},
  year={2011},
  publisher={IEEE}
}

@article{gong2012,
  title={Robust multiple manifolds structure learning},
  author={Gong, Dian and Zhao, Xuemei and Medioni, G{\'e}rard},
  journal={arXiv preprint arXiv:1206.4624},
  year={2012}
}

@inproceedings{shashua2006,
  title={Multi-way clustering using super-symmetric non-negative tensor factorization},
  author={Shashua, Amnon and Zass, Ron and Hazan, Tamir},
  booktitle={European conference on computer vision},
  pages={595--608},
  year={2006},
  organization={Springer}
}